%%
%% WinShell 3.3.0.3
%% http://www.winshell.org/
%%

% Strings


% Preamble


% BibTeX Entries
@book{ambler,
 address              = {СПб.},
 author               = {Амблер, С.},
 isbn                 = {5-94723-545-5, 0-471-20282-7},
 language             = {russian},
 numpages             = {416},
 publisher            = {Питер},
 title                = {Гибкие технологии: экстремальное программирование и унифицированный процесс разработки},
 year                 = {2005},
 }

@book{brooks,
 author               = {Брукс, Ф.},
 language             = {russian},
 numpages             = {304},
 publisher            = {Символ-Плюс},
 title                = {Мифический человеко --- месяц или Как создаются программные системы},
 year                 = {2006},
 }

@book{cormen,
 author               = {Кормен, Т. and Лейзерсон, Ч. and Ривест, Р. and Штайн, К.},
 language             = {russian},
 numpages             = {1296},
 publisher            = {Вильямс},
 title                = {Алгоритмы. Построение и анализ. Издание 2-е},
 year                 = {2007},
 }

@misc{dmitriev,
 author               = {Sergey Dmitriev},
 journal              = {onBoard online magazine},
 month                = {nov},
 note                 = {\url{http://www.onboard.jetbrains.com/is1/articles/04/10/lop/mps.pdf}},
 title                = {Language Oriented Programming: The Next Programming Paradigm},
 volume               = {1},
 year                 = {2004},
 }

@book{eckel,
 address              = {СПб.},
 author               = {Эккель, Б.},
 language             = {russian},
 numpages             = {640},
 publisher            = {Питер},
 title                = {Философия Java},
 year                 = {2009},
 }

@article{evolutionModel,
 author               = {Васютович, В. and Самотохин, С. and Никифоров, Г.},
 journal              = {Открытые ситемы, Директор ИС},
 language             = {russian},
 number               = {07 -- 08},
 title                = {Регламентация жизненного цикла программных средств},
 year                 = {2000},
 }

@misc{fowler01,
 author               = {Martin Fowler},
 keywords             = {dsllit},
 month                = {jun},
 note                 = {\url{http://www.martinfowler.com/articles/languageWorkbench.html}},
 title                = {Language Workbenches: The Killer-App for Domain-Specific Languages},
 year                 = {2005},
 }

@misc{fowler02,
 author               = {Martin Fowler},
 month                = {jun},
 note                 = {\url{http://www.martinfowler.com/articles/mpsAgree.html}},
 title                = {A Language Workbench in Action --- MPS},
 year                 = {2005},
 }

@book{fowler03,
 author               = {Фаулер, М.},
 language             = {russian},
 numpages             = {432},
 publisher            = {Символ-Плюс},
 title                = {Рефакторинг. Улучшение существующего кода},
 year                 = {2008},
 }

@misc{gmf,
 author               = {Richley, J.},
 journal              = {ONJava},
 month                = {nov},
 note                 = {\url{http://www.onjava.com/pub/a/onjava/2007/07/11/gmf-beyond-the-wizards.html}},
 title                = {GMF: Beyond the Wizards},
 year                 = {2007},
 }

@book{gof,
 address              = {СПб.},
 author               = {Гамма, Э. and Хелм, Р. and Джонсон, Р. and Влиссидес, Дж.},
 isbn                 = {978-5-469-01136-1, 5-272-00355-1, 0-201-63361-2, 5-469-01136-4},
 language             = {russian},
 numpages             = {366},
 publisher            = {Питер},
 series               = {Библиотека программиста},
 title                = {Приемы объектно-ориентированного проектирования. Паттерны проектирования},
 year                 = {2007},
 }

@book{gost12207-99,
 address              = {М.},
 language             = {russian},
 publisher            = {Госстандарт России},
 title                = {ГОСТ Р ИСО/МЭК 12207-99. Информационная технология. Процессы жизненного цикла программных средств},
 year                 = {1999},
 }

@book{hanter,
 address              = {М.},
 author               = {Хантер, Р.},
 isbn                 = {5-8459-0360-2, 0-1372-7835-7},
 language             = {russian},
 numpages             = {256},
 publisher            = {Вильямс},
 title                = {Основные концепции компиляторов},
 year                 = {2002},
 }

@article{harel,
 author               = {Harel, D.},
 biburl               = {http://www.bibsonomy.org/bibtex/240faff166fd84b0811d45774fb9df829/bugsbunny},
 description          = {Statecharts: A Visual Formalism for Complex Systems. In: Science of Computer Programming},
 editor               = {North Holland (Elsevier)},
 journal              = {Science of Computer Programming},
 keywords             = {da2 statechart},
 month                = {8},
 pages                = {231-274},
 title                = {Statecharts: A Visual Formalism for Complex Systems.},
 url                  = {http://www.informatik.uni-stuttgart.de/fmi/szs/teaching/ss2006/SoftTechII/literatur/Statecharts-Harel87.pdf},
 year                 = {1987},
 }

@book{intellijIDEA1,
 address              = {СПб},
 author               = {Давыдов, С. and Ефимов, А.},
 language             = {russian},
 numpages             = {800},
 publisher            = {БХВ-Петербург},
 title                = {IntelliJ IDEA. Профессиональное программирование на Java. Наиболее полное руководство},
 year                 = {2005},
 }

@book{intellijIDEA2,
 author               = {Fields, D. and Saunders, S. and Belayev, E.},
 language             = {english},
 numpages             = {450},
 publisher            = {Manning Publications},
 title                = {IntelliJ IDEA in Action (In Action series)},
 year                 = {2006},
 }

@book{java5spec,
 author               = {James Gosling and Bill Joy and Guy Steele and Gilad Bracha},
 isbn                 = {0-321-24678-0},
 keywords             = {olit oopl java},
 publisher            = {Addison Wesley},
 title                = {The {Java} Language Specification (Third Edition)},
 year                 = {2005},
 }

@inproceedings{jones03pattern,
 author               = {Jones, J.},
 biburl               = {http://www.bibsonomy.org/bibtex/2ccba2e5a2fa565423fc7ad60936acab6/msn},
 booktitle            = {Proceedings of the 10th Conference on Pattern Languages of Programs (PLoP2003)},
 keywords             = {cites.ref mrefs state.unclassified state.www},
 title                = {Abstract Syntax Tree Implementation Idioms},
 url                  = {http://www.hillside.net/plop/plop2003/Papers/Jones-ImplementingASTs.pdf},
 year                 = {2003},
 }

@book{knuth,
 author               = {Кнут, Д.},
 isbn                 = {978-5-8459-0080-7},
 language             = {russian},
 numpages             = {720},
 publisher            = {Вильямс},
 title                = {Искусство программирования. Том 1. Основные алгоритмы},
 volume               = {1},
 year                 = {2008},
 }

@phdthesis{lagunov,
 address              = {СПб.},
 author               = {Лагунов, И. А.},
 language             = {russian},
 title                = {Разработка текстового языка автоматного программирования и его реализация для инструментального средства UniMod на основе автоматного подхода},
 type                 = {Выпускная квалификационная бакалаврская работа},
 year                 = {2008},
 }

@book{meyer,
 address              = {М.},
 author               = {Мейер, Б.},
 language             = {russian},
 numpages             = {1204},
 publisher            = {Русская Редакция},
 title                = {Объектно-ориентированное конструирование программных систем},
 year                 = {2005},
 }

@book{msdsl,
 author               = {Гринфилд, Дж. and Шорт, К. and Кук, С. and Кент, С.},
 language             = {russian},
 numpages             = {592},
 publisher            = {Диалектика, Вильямс},
 title                = {Фабрики разработки программ. Потоковая сборка типовых приложений, моделирование, структуры и инструменты},
 year                 = {2007},
 }

@article{myAutocompletion,
 author               = {Мазин, М. А. and Гуров, В. С. and Шалыто, А. А.},
 journal              = {Информационно-управляющие системы},
 language             = {russian},
 number               = {1},
 pages                = {24--33},
 title                = {Автоматическое завершение ввода условий в диаграммах состояний},
 year                 = {2008},
 }

@article{myUMLSwitchEclipse,
 author               = {Мазин, М. А. and Гуров, В. С. and Нарвский, А. С. and Шалыто, А. А.},
 journal              = {Информационно-управляющие системы},
 language             = {russian},
 number               = {6},
 pages                = {12--17},
 title                = {UML. SWITCH-технология. Eclipse},
 year                 = {2004},
 }

@article{naumov,
 author               = {Наумов, Л. А. and Шалыто, А. А.},
 journal              = {Мир ПК --- Диск},
 language             = {russian},
 number               = {2},
 pages                = {18},
 title                = {Искусство программирования лифта. Объектно-ориентированное программирование с явным выделением состояний},
 year                 = {2004},
 }

@book{nepeyvoda,
 address              = {М.},
 author               = {Непейвода, Н. Н.},
 isbn                 = {5-9556-0023-Х},
 language             = {russian},
 numpages             = {320},
 publisher            = {Интернет-университет информационных технологий},
 title                = {Стили и методы программирования. Курс лекций. Учебное пособие},
 year                 = {2005},
 }

@book{polikarpova,
 address              = {СПб.},
 author               = {Поликарпова, Н. and Шалыто, А.},
 isbn                 = {978-5-388-00692-9},
 language             = {russian},
 numpages             = {176},
 publisher            = {Питер},
 title                = {Автоматное программирование},
 year                 = {2009},
 }

@inproceedings{portableSourceCode,
 author               = {Mamas, E. and Kontogiannis, K.},
 booktitle            = {Proc. Working Conf. Reverse Engineering (WCRE)},
 month                = {nov},
 pages                = {172--182},
 title                = {Towards portable source code representations using XML},
 year                 = {2000},
 }

@inproceedings{ragel,
 address              = {Taipei, Taiwan},
 author               = {Thurston, A.},
 booktitle            = {Proc. 11th International Conference on Implementation and Application of Automata (CIAA 2006), Lecture Notes in Computer Science},
 month                = {aug},
 pages                = {285--286},
 title                = {Parsing Computer Languages with an Automaton Compiled from a Single Regular Expression},
 volume               = {4094},
 year                 = {2006},
 }

@book{redDragon,
 author               = {Ахо, A. and Лам, М. and Сети, Р. and Ульман, Дж.},
 language             = {russian},
 numpages             = {1184},
 publisher            = {Вильямс},
 title                = {Компиляторы. Принципы, технологии и инструментарий},
 year                 = {2008},
 }

@misc{scxml,
 author               = {W3C Working Draft},
 key                  = {SCXML},
 month                = {may},
 note                 = {http://www.w3.org/TR/2008/WD-scxml-20080516/},
 title                = {State Chart XML (SCXML): State Machine Notation for Control Abstraction},
 year                 = {2008},
 }

@article{semantics,
 abstract             = {These notes give an overview of the main frameworks that have been developed for specifying the formal semantics of programming languages. Some of the pragmatic aspects of semantic descriptions are discussed, including modularity, and potential applicability to visual and modelling languages. References to the literature provide starting points for further study.},
 author               = {Mosses, Peter D.},
 biburl               = {http://www.bibsonomy.org/bibtex/24b6b546126cf8cb00f81afce961d5165/leonardo},
 booktitle            = {Proceedings of the School of SegraVis Research Training Network on Foundations of Visual Modelling Techniques (FoVMT 2004)},
 journal              = {Electronic Notes in Theoretical Computer Science},
 keywords             = {2006 overview semantics \_pdf sos},
 month                = {feb},
 number               = {1},
 pages                = {41--73},
 title                = {Formal Semantics of Programming Languages: -- An Overview --},
 url                  = {http://dx.doi.org/10.1016/j.entcs.2005.12.012},
 volume               = {148},
 year                 = {2006},
 }

@book{shalyto01,
 address              = {СПб.},
 author               = {Шалыто, А. А.},
 language             = {russian},
 numpages             = {628},
 publisher            = {Наука},
 title                = {SWITCH-технология. Алгоритмизация и программирование задач логического управления},
 year                 = {1998},
 }

@article{shalyto02,
 author               = {Шалыто, А. А. and Туккель, Н. И.},
 journal              = {Программирование},
 language             = {russian},
 number               = {5},
 pages                = {45--62},
 title                = {SWITCH-технология --- автоматный подход к созданию программного обеспечения "реактивных" систем},
 year                 = {2001},
 }

@article{shamgunov,
 author               = {Шамгунов, Н. Н. and Корнеев, Г.А. and Шалыто, А. А.},
 journal              = {Информационно-управляющие системы},
 language             = {russian},
 number               = {1},
 pages                = {16--24},
 title                = {State Machine --- расширение языка Java для эффективной реализации автоматов},
 year                 = {2005},
 }

@techreport{simonyi,
 author               = {Simonyi, C.},
 biburl               = {http://www.bibsonomy.org/bibtex/299d639b41cc5c4548d15e8a69f41b11a/snowball},
 institution          = {Microsoft Research},
 keywords             = {imported},
 number               = {MSR-TR-95-52},
 title                = {The death of computer languages, the birth of Intentional Programming},
 url                  = {citeseer.nj.nec.com/simonyi95death.html},
 year                 = {1995},
 }

@misc{smc,
 note                 = {\url{http://smc.sourceforge.net/}},
 title                = {SMC --- State Machine Compiler},
 }

@phdthesis{tsimbaluk,
 address              = {СПб.},
 author               = {Цымбалюк, Е. А.},
 language             = {russian},
 title                = {Текстовый язык автоматного программирования ТАВР},
 type                 = {Выпускная квалификационная бакалаврская работа},
 year                 = {2008},
 }

@book{uml,
 address              = {М.},
 author               = {Буч, Г. and Рамбо, Г. and Якобсон, И.},
 isbn                 = {5-94074-334-X, 0-321-26797-4},
 language             = {russian},
 numpages             = {496},
 publisher            = {ДМК пресс},
 title                = {Язык UML. Руководство пользователя},
 year                 = {2007},
 }
